@book{bertsekas1999nonlinear,
  title =		 {Nonlinear programming},
  author =		 {Bertsekas, Dimitri P},
  year =		 {1999},
  publisher =	 {Athena Scientific}
}

@book{nocedal2006numerical,
  title =		 {Numerical optimization},
  author =		 {Nocedal, Jorge and Wright, Stephen},
  publisher =	 {Springer},
  year =		 {2006}
}

@book{sethian1999level,
  title =		 {Level set methods and fast marching methods:
                  evolving interfaces in computational geometry, fluid
                  mechanics, computer vision, and materials science},
  author =		 {Sethian, James Albert},
  volume =		 {3},
  year =		 {1999},
  publisher =	 {Cambridge University Press}
}
