@book{bertsekas1999nonlinear,
  title =		 {Nonlinear programming},
  author =		 {Bertsekas, Dmitri P},
  year =		 {1999},
  publisher =	 {Athena Scientific}
}

@book{nocedal2006numerical,
  title =		 {Numerical optimization},
  author =		 {Nocedal, J. and Wright, S.},
  publisher =	 {Springer},
  year =		 {2006}
}

@article{jeong2008fast,
  title =		 {A fast iterative method for eikonal equations},
  author =		 {Jeong, Won-Ki and Whitaker, Ross T},
  journal =		 {SIAM Journal on Scientific Computing},
  volume =		 {30},
  number =		 {5},
  pages =		 {2512--2534},
  year =		 {2008},
  publisher =	 {SIAM}
}

@book{sethian1999level,
  title =		 {Level set methods and fast marching methods:
                  evolving interfaces in computational geometry, fluid
                  mechanics, computer vision, and materials science},
  author =		 {Sethian, James A},
  volume =		 {3},
  year =		 {1999},
  publisher =	 {Cambridge University Press}
}

@article{sethian1996fast,
  title =		 {A fast marching level set method for monotonically
                  advancing fronts},
  author =		 {Sethian, James A},
  journal =		 {Proceedings of the National Academy of Sciences},
  volume =		 {93},
  number =		 {4},
  pages =		 {1591--1595},
  year =		 {1996},
  publisher =	 {National Acad Sciences}
}

@book{stoer2013introduction,
  title =		 {Introduction to numerical analysis},
  author =		 {Stoer, J. and Bulirsch, R.},
  volume =		 {12},
  year =		 {2013},
  publisher =	 {Springer Science \& Business Media}
}

@article{tsitsiklis1995efficient,
  title =		 {Efficient algorithms for globally optimal
                  trajectories},
  author =		 {Tsitsiklis, John N},
  journal =		 {IEEE Transactions on Automatic Control},
  volume =		 {40},
  number =		 {9},
  pages =		 {1528--1538},
  year =		 {1995},
  publisher =	 {IEEE}
}

@article{chacon2012fast,
  title =		 {Fast two-scale methods for eikonal equations},
  author =		 {Chacon, A. and Vladimirsky, A.},
  journal =		 {SIAM Journal on Scientific Computing},
  volume =		 {34},
  number =		 {2},
  pages =		 {A547--A578},
  year =		 {2012},
  publisher =	 {SIAM}
}

@article{sethian2000fast,
  title =		 {Fast methods for the {Eikonal} and related
                  {Hamilton}--{Jacobi} equations on unstructured
                  meshes},
  author =		 {Sethian, James A and Vladimirsky, Alexander},
  journal =		 {Proceedings of the National Academy of Sciences},
  volume =		 {97},
  number =		 {11},
  pages =		 {5699--5703},
  year =		 {2000},
  publisher =	 {National Acad Sciences}
}

@article{sethian2003ordered,
  title =		 {Ordered upwind methods for static {Hamilton--Jacobi}
                  equations: theory and algorithms},
  author =		 {Sethian, James A and Vladimirsky, Alexander},
  journal =		 {SIAM Journal on Numerical Analysis},
  volume =		 {41},
  number =		 {1},
  pages =		 {325--363},
  year =		 {2003},
  publisher =	 {SIAM}
}

@article{tsai2003fast,
  title =		 {Fast sweeping algorithms for a class of
                  {Hamilton-Jacobi} equations},
  author =		 {Tsai, Yen-Hsi Richard and Cheng, Li-Tien and Osher,
                  Stanley and Zhao, Hong-Kai},
  journal =		 {SIAM journal on numerical analysis},
  volume =		 {41},
  number =		 {2},
  pages =		 {673--694},
  year =		 {2003},
  publisher =	 {SIAM}
}
                  
@article{zhao2005fast,
  title =		 {A fast sweeping method for eikonal equations},
  author =		 {Zhao, Hong-Kai},
  journal =		 {Mathematics of computation},
  volume =		 {74},
  number =		 {250},
  pages =		 {603--627},
  year =		 {2005}
}
                  
@article{kao2008legendre,
  title={Legendre-transform-based fast sweeping methods for static Hamilton--Jacobi equations on triangulated meshes},
  author={Kao, Chiu-Yen and Osher, Stanley and Qian, Jianliang},
  journal={Journal of Computational Physics},
  volume={227},
  number={24},
  pages={10209--10225},
  year={2008},
  publisher={Elsevier}
}

@article{chacon2015parallel,
  title =		 {A parallel two-scale method for eikonal equations},
  author =		 {Chacon, Adam and Vladimirsky, Alexander},
  journal =		 {SIAM Journal on Scientific Computing},
  volume =		 {37},
  number =		 {1},
  pages =		 {A156--A180},
  year =		 {2015},
  publisher =	 {SIAM}
}

@article{slotnick1959lessons,
  title =		 {Lessons in seismic computing},
  author =		 {Slotnick, M},
  journal =		 {Soc. Expl. Geophys},
  volume =		 {268},
  year =		 {1959}
}

@article{fomel2009fast,
  title =		 {Fast sweeping method for the factored eikonal
                  equation},
  author =		 {Fomel, Sergey and Luo, Songting and Zhao, Hongkai},
  journal =		 {Journal of Computational Physics},
  volume =		 {228},
  number =		 {17},
  pages =		 {6440--6455},
  year =		 {2009},
  publisher =	 {Elsevier}
}

@article{qi2018corner,
  title =		 {Corner cases, singularities, and dynamic factoring},
  author =		 {Qi, Dongping and Vladimirsky, Alexander},
  journal =		 {arXiv preprint arXiv:1801.04322},
  year =		 {2018}
}

@article{luo2012fast,
  title =		 {Fast sweeping methods for factored anisotropic
                  eikonal equations: multiplicative and additive
                  factors},
  author =		 {Luo, Songting and Qian, Jianliang},
  journal =		 {Journal of Scientific Computing},
  volume =		 {52},
  number =		 {2},
  pages =		 {360--382},
  year =		 {2012},
  publisher =	 {Springer}
}

@article{mitchell1987discrete,
  title =		 {The discrete geodesic problem},
  author =		 {Mitchell, Joseph SB and Mount, David M and
                  Papadimitriou, Christos H},
  journal =		 {SIAM Journal on Computing},
  volume =		 {16},
  number =		 {4},
  pages =		 {647--668},
  year =		 {1987},
  publisher =	 {SIAM}
}

@article{kimmel1998computing,
  title =		 {Computing geodesic paths on manifolds},
  author =		 {Kimmel, Ron and Sethian, James A},
  journal =		 {Proceedings of the national academy of Sciences},
  volume =		 {95},
  number =		 {15},
  pages =		 {8431--8435},
  year =		 {1998},
  publisher =	 {National Acad Sciences}
}

@book{bronstein2008numerical,
  title =		 {Numerical geometry of non-rigid shapes},
  author =		 {Bronstein, Alexander M and Bronstein, Michael M and
                  Kimmel, Ron},
  year =		 {2008},
  publisher =	 {Springer Science \& Business Media}
}

@article{dijkstra1959note,
  title =		 {A note on two problems in connexion with graphs},
  author =		 {Dijkstra, Edsger W},
  journal =		 {Numerische mathematik},
  volume =		 {1},
  number =		 {1},
  pages =		 {269--271},
  year =		 {1959},
  publisher =	 {Springer}
}

@article{chopp2001some,
  title =		 {Some improvements of the fast marching method},
  author =		 {Chopp, David L},
  journal =		 {SIAM Journal on Scientific Computing},
  volume =		 {23},
  number =		 {1},
  pages =		 {230--244},
  year =		 {2001},
  publisher =	 {SIAM}
}

@article{crandall1983viscosity,
  title =		 {Viscosity solutions of {Hamilton-Jacobi} equations},
  author =		 {Crandall, Michael G and Lions, Pierre-Louis},
  journal =		 {Transactions of the American mathematical society},
  volume =		 {277},
  number =		 {1},
  pages =		 {1--42},
  year =		 {1983}
}

@article{dial1969algorithm,
  title =		 {Algorithm 360: shortest-path forest with topological
                  ordering},
  author =		 {Dial, Robert B},
  journal =		 {Communications of the ACM},
  volume =		 {12},
  number =		 {11},
  pages =		 {632--633},
  year =		 {1969},
  publisher =	 {ACM}
}

@article{kim2001calo,
  title =		 {An {$O(N)$} Level Set Method for Eikonal Equations},
  author =		 {Kim, Seongjai},
  journal =		 {SIAM journal on scientific computing},
  volume =		 {22},
  number =		 {6},
  pages =		 {2178--2193},
  year =		 {2001},
  publisher =	 {SIAM}
}

@misc{sfp-umiacs-homepage,
  howpublished = {\url{http://umiacs.umd.edu/~sfp}},
  author =		 {Potter, Samuel F},
  note =		 {Author's personal webpage}
}

@misc{masha-math-homepage,
  howpublished = {\url{https://www.math.umd.edu/~mariakc/index.html}},
  author =		 {Cameron, Maria K},
  note =		 {Author's personal webpage}
}

@misc{libolim-github,
  howpublished = {\url{https://github.com/sampotter/olim/tree/sisc19}},
  note =		 {Project page for \texttt{libolim} on GitHub.}
}

@misc{libolim-github-plotting,
  howpublished = {\url{https://github.com/sampotter/olim/tree/sisc19/plotting}},
  note =		 {Link to section of \texttt{libolim} project page
                  containing Python plotting scripts and
                  instructions.}
}

@article{engquist2003computational,
  title =		 {Computational high frequency wave propagation},
  author =		 {Engquist, Bj{\"o}rn and Runborg, Olof},
  journal =		 {Acta numerica},
  volume =		 {12},
  pages =		 {181--266},
  year =		 {2003},
  publisher =	 {Cambridge University Press}
}

@article{tucker2009unstructured,
  title =		 {Unstructured grid solution of the eikonal equation
                  for acoustics},
  author =		 {Tucker, Paul G and Karabasov, Sergey A},
  journal =		 {International Journal of Aeroacoustics},
  volume =		 {8},
  number =		 {6},
  pages =		 {535--553},
  year =		 {2009},
  publisher =	 {SAGE Publications Sage UK: London, England}
}

@article{prislan2016ray,
  title =		 {Ray-trace modeling of acoustic {Green's} function
                  based on the semiclassical (eikonal) approximation},
  author =		 {Prislan, Rok and Veble, Gregor and Sven{\v{s}}ek,
                  Daniel},
  journal =		 {The Journal of the Acoustical Society of America},
  volume =		 {140},
  number =		 {4},
  pages =		 {2695--2702},
  year =		 {2016},
  publisher =	 {ASA}
}

@article{ihrke2007eikonal,
  title =		 {Eikonal rendering: Efficient light transport in
                  refractive objects},
  author =		 {Ihrke, Ivo and Ziegler, Gernot and Tevs, Art and
                  Theobalt, Christian and Magnor, Marcus and Seidel,
                  Hans-Peter},
  journal =		 {ACM Transactions on Graphics (TOG)},
  volume =		 {26},
  number =		 {3},
  pages =		 {59},
  year =		 {2007},
  publisher =	 {ACM}
}

@article{raghuvanshi2014parametric,
  title =		 {Parametric wave field coding for precomputed sound
                  propagation},
  author =		 {Raghuvanshi, Nikunj and Snyder, John},
  journal =		 {ACM Transactions on Graphics (TOG)},
  volume =		 {33},
  number =		 {4},
  pages =		 {38},
  year =		 {2014},
  publisher =	 {ACM}
}

@article{raghuvanshi2018parametric,
  title =		 {Parametric directional coding for precomputed sound
                  propagation},
  author =		 {Raghuvanshi, Nikunj and Snyder, John},
  journal =		 {ACM Transactions on Graphics (TOG)},
  volume =		 {37},
  number =		 {4},
  pages =		 {108},
  year =		 {2018},
  publisher =	 {ACM}
}

@article{yang2019computing,
  title =		 {Computing the quasipotential for nongradient {SDEs}
                  in {3D}},
  author =		 {Yang, Shuo and Potter, Samuel F and Cameron, Maria
                  K},
  journal =		 {Journal of Computational Physics},
  volume =		 {379},
  pages =		 {325--350},
  year =		 {2019},
  publisher =	 {Elsevier}
}

@article{dahiya2017ordered,
  title={Ordered Line Integral Methods for Computing the Quasi-Potential},
  author={Dahiya, Daisy and Cameron, Maria},
  journal={Journal of Scientific Computing},
  volume={75},
  number={3},
  pages={1351--1384},
  year={2018},
  publisher={Springer}
}


@article{dahiya2018ordered,
  title =		 {An Ordered Line Integral Method for Computing the
                  Quasi-potential in the case of Variable Anisotropic
                  Diffusion},
  author =		 {Dahiya, Daisy and Cameron, Maria},
  journal =		 {arXiv preprint arXiv:1806.05321},
  year =		 {2018}
}

@book{osher2006level,
  title =		 {Level set methods and dynamic implicit surfaces},
  author =		 {Osher, Stanley and Fedkiw, Ronald},
  volume =		 {153},
  year =		 {2006},
  publisher =	 {Springer Science \& Business Media}
}

@article{kimmel2001optimal,
  title =		 {Optimal algorithm for shape from shading and path
                  planning},
  author =		 {Kimmel, Ron and Sethian, James A},
  journal =		 {Journal of Mathematical Imaging and Vision},
  volume =		 {14},
  number =		 {3},
  pages =		 {237--244},
  year =		 {2001},
  publisher =	 {Springer}
}

@incollection{prados2006shape,
  title =		 {Shape from shading},
  author =		 {Prados, Emmanuel and Faugeras, Olivier},
  booktitle =	 {Handbook of mathematical models in computer vision},
  pages =		 {375--388},
  year =		 {2006},
  publisher =	 {Springer}
}

@article{durou2008numerical,
  title =		 {Numerical methods for shape-from-shading: A new
                  survey with benchmarks},
  author =		 {Durou, Jean-Denis and Falcone, Maurizio and Sagona,
                  Manuela},
  journal =		 {Computer Vision and Image Understanding},
  volume =		 {109},
  number =		 {1},
  pages =		 {22--43},
  year =		 {2008},
  publisher =	 {Elsevier}
}

@book{arndt2010matters,
  title =		 {Matters Computational: ideas, algorithms, source
                  code},
  author =		 {Arndt, J{\"o}rg},
  year =		 {2010},
  publisher =	 {Springer Science \& Business Media}
}

@book{stroustrup2013c++,
  title =		 {The {C++} programming language},
  author =		 {Stroustrup, Bjarne},
  year =		 {2013},
  publisher =	 {Pearson Education}
}

@book{sedgewick2011algorithms,
  title =		 {Algorithms},
  author =		 {Sedgewick, Robert and Wayne, Kevin},
  year =		 {2011},
  publisher =	 {Addison-Wesley Professional}
}

@book{alexandrescu2001modern,
  title =		 {Modern {C++} design: generic programming and design
                  patterns applied},
  author =		 {Alexandrescu, Andrei},
  year =		 {2001},
  publisher =	 {Addison-Wesley}
}

@inproceedings{nethercote2007valgrind,
  title =		 {Valgrind: a framework for heavyweight dynamic binary
                  instrumentation},
  author =		 {Nethercote, Nicholas and Seward, Julian},
  booktitle =	 {ACM Sigplan Notices},
  pages =		 {89--100},
  year =		 {2007},
  organization = {ACM}
}

@article{mirebeau2014efficient,
  title =		 {Efficient fast marching with {Finsler} metrics},
  author =		 {Mirebeau, Jean-Marie},
  journal =		 {Numerische mathematik},
  volume =		 {126},
  number =		 {3},
  pages =		 {515--557},
  year =		 {2014},
  publisher =	 {Springer}
}

@article{mirebeau2014anisotropic,
  title =		 {Anisotropic fast-marching on cartesian grids using
                  lattice basis reduction},
  author =		 {Mirebeau, Jean-Marie},
  journal =		 {SIAM Journal on Numerical Analysis},
  volume =		 {52},
  number =		 {4},
  pages =		 {1573--1599},
  year =		 {2014},
  publisher =	 {SIAM}
}

@article{yatziv2006n,
  title =		 {{$O(N)$} implementation of the fast marching
                  algorithm},
  author =		 {Yatziv, Liron and Bartesaghi, Alberto and Sapiro,
                  Guillermo},
  journal =		 {Journal of computational physics},
  volume =		 {212},
  number =		 {2},
  pages =		 {393--399},
  year =		 {2006},
  publisher =	 {Elsevier}
}

@article{sethian19993,
  title =		 {{3-D} traveltime computation using the fast marching
                  method},
  author =		 {Sethian, James A and Popovici, A Mihai},
  journal =		 {Geophysics},
  volume =		 {64},
  number =		 {2},
  pages =		 {516--523},
  year =		 {1999},
  publisher =	 {Society of Exploration Geophysicists}
}

@article{popovici20023,
  title={3-D imaging using higher order fast marching traveltimes},
  author={Popovici, Alexander Mihai and Sethian, James A},
  journal={Geophysics},
  volume={67},
  number={2},
  pages={604--609},
  year={2002},
  publisher={Society of Exploration Geophysicists}
}

@article{kim20023,
  title =		 {{3-D} eikonal solvers: {First-arrival} traveltimes},
  author =		 {Kim, Seongjai},
  journal =		 {Geophysics},
  volume =		 {67},
  number =		 {4},
  pages =		 {1225--1231},
  year =		 {2002},
  publisher =	 {Society of Exploration Geophysicists}
}

@article{van1991upwind,
  title =		 {Upwind finite-difference calculation of traveltimes},
  author =		 {Van Trier, Jos and Symes, William W},
  journal =		 {Geophysics},
  volume =		 {56},
  number =		 {6},
  pages =		 {812--821},
  year =		 {1991},
  publisher =	 {Society of Exploration Geophysicists}
}

@article{vidale1990finite,
  title =		 {Finite-difference calculation of traveltimes in
                  three dimensions},
  author =		 {Vidale, John E},
  journal =		 {Geophysics},
  volume =		 {55},
  number =		 {5},
  pages =		 {521--526},
  year =		 {1990},
  publisher =	 {Society of Exploration Geophysicists}
}

@article{fomel2002fast,
  title =		 {Fast-phase space computation of multiple arrivals},
  author =		 {Fomel, Sergey and Sethian, James A},
  journal =		 {Proceedings of the National Academy of Sciences},
  volume =		 {99},
  number =		 {11},
  pages =		 {7329--7334},
  year =		 {2002},
  publisher =	 {National Acad Sciences}
}

@book{bertsekas1998network,
  title =		 {Network optimization: continuous and discrete
                  models},
  author =		 {Bertsekas, Dimitri P},
  year =		 {1998},
  publisher =	 {Citeseer}
}
